%% This BibTeX bibliography file was created using BibDesk.
%% https://bibdesk.sourceforge.io/

%% Created for Michał Miktus at 2019-03-23 19:26:43 +0100 


%% Saved with string encoding Unicode (UTF-8) 



@article{disdier2007je,
	Author = {Disdier, Anne-C{\'e}lia and Mayer, Thierry},
	Date-Added = {2019-03-23 19:21:56 +0100},
	Date-Modified = {2019-03-23 19:21:56 +0100},
	Journal = {European Journal of Political Economy},
	Number = {4},
	Pages = {1140--1159},
	Publisher = {Elsevier},
	Title = {Je t'aime, moi non plus: Bilateral opinions and international trade},
	Volume = {23},
	Year = {2007}}

@misc{Comtrade,
	Date-Added = {2019-03-19 16:29:34 +0100},
	Date-Modified = {2019-03-19 19:03:03 +0100},
	Howpublished = {"\url{https://comtrade.un.org}"},
	Title = {Comtrade dataset}}

@misc{CEPII,
	Date-Added = {2019-03-19 16:28:51 +0100},
	Date-Modified = {2019-03-19 19:02:07 +0100},
	Howpublished = {"\url{http://www.cepii.fr}"},
	Title = {CEPII dataset}}

@article{helpman2008estimating,
	Author = {Helpman, Elhanan and Melitz, Marc and Rubinstein, Yona},
	Date-Added = {2019-03-19 15:58:00 +0100},
	Date-Modified = {2019-03-19 18:59:57 +0100},
	Journal = {{The Quarterly Journal of Economics}},
	Number = {2},
	Pages = {441--487},
	Publisher = {MIT Press},
	Title = {Estimating trade flows: Trading partners and trading volumes},
	Volume = {123},
	Year = {2008}}

@article{anderson2003gravity,
	Author = {Anderson, James E and Van Wincoop, Eric},
	Date-Added = {2019-03-19 15:57:23 +0100},
	Date-Modified = {2019-03-19 18:59:41 +0100},
	Journal = {{The American Economic Review}},
	Number = {1},
	Pages = {170--192},
	Title = {Gravity with gravitas: a solution to the border puzzle},
	Volume = {93},
	Year = {2003}}

@article{bergstrand1985gravity,
	Author = {Bergstrand, Jeffrey H},
	Date-Added = {2019-03-19 15:57:05 +0100},
	Date-Modified = {2019-03-19 15:57:05 +0100},
	Journal = {The review of economics and statistics},
	Pages = {474--481},
	Publisher = {JSTOR},
	Title = {The gravity equation in international trade: some microeconomic foundations and empirical evidence},
	Year = {1985}}

@article{krugman1980scale,
	Author = {Krugman, Paul},
	Date-Added = {2019-03-19 15:56:39 +0100},
	Date-Modified = {2019-03-19 18:59:25 +0100},
	Journal = {{The American Economic Review}},
	Number = {5},
	Pages = {950--959},
	Publisher = {JSTOR},
	Title = {Scale economies, product differentiation, and the pattern of trade},
	Volume = {70},
	Year = {1980}}

@article{anderson1979theoretical,
	Author = {Anderson, James E},
	Date-Added = {2019-03-19 15:56:13 +0100},
	Date-Modified = {2019-03-19 18:59:18 +0100},
	Journal = {{The American Economic Review}},
	Number = {1},
	Pages = {106--116},
	Publisher = {JSTOR},
	Title = {A theoretical foundation for the gravity equation},
	Volume = {69},
	Year = {1979}}

@article{tinbergen1962analysis,
	Author = {Tinbergen, Jan},
	Date-Added = {2019-03-19 15:00:17 +0100},
	Date-Modified = {2019-03-19 15:00:17 +0100},
	Journal = {Shaping the world economy},
	Pages = {1--117},
	Publisher = {New York: Twentieth Century Fund},
	Title = {An analysis of world trade flows},
	Volume = {3},
	Year = {1962}}

@article{martinez2013gravity,
 	Author = {Inmaculada Martínez-Zarzoso},
	Date-Added = {2019-03-19 15:56:39 +0100},
	Date-Modified = {2019-03-19 18:59:25 +0100},
  	Journal = {Applied Economics},
 	Number = {3},
  	Pages = {311-327},
	Publisher = {},
	Title = {The log of gravity revisited},	
	Volume = {45},
  	Year = {2013}}

@article{martin2008gravity,
 	Author = {Martin, Will and Pham, Cong S.},
  	Date-Added = {2019-03-19 15:56:39 +0100},
	Date-Modified = {2019-03-19 18:59:25 +0100},
	Journal = {Working Papers},
  	Pages = {},  	
	Publisher = {Deakin University, Department of Economics},
  	Title = {Estimating the gravity model when zero trade flows are frequent},
  	Volume = {3},
	Year = {2008}}

@article{santos2006ppml,
	Author = {Santos Silva, Joao and Tenreyro, Silvana},
  	Date-Added = {2019-03-19 15:56:39 +0100},
	Date-Modified = {2019-03-19 18:59:25 +0100},
	Journal = {The Review of Economics and Statistics},
	Number = {4},
	Pages = {641--658},
	Publisher = {},
	Title = {The Log of Gravity},
	Volume = {88},
	Year = {2006}}

